<record><leader>00000cas a22000007a 4500</leader><controlfield tag="001">14769704</controlfield><controlfield tag="008">861119d191u1929aluwr ne      0    0eng d</controlfield><datafield ind1=" " ind2=" " tag="010"><subfield code="a">sn 86050421 </subfield></datafield><datafield ind1=" " ind2=" " tag="040"><subfield code="a">AAR</subfield><subfield code="b">eng</subfield><subfield code="c">AAR</subfield><subfield code="d">CPN</subfield><subfield code="d">OCLCQ</subfield></datafield><datafield ind1=" " ind2=" " tag="042"><subfield code="a">msc</subfield></datafield><datafield ind1="0" ind2="4" tag="245"><subfield code="a">The Slocomb observer.</subfield></datafield><datafield ind1=" " ind2=" " tag="260"><subfield code="a">Slocomb, Ala. :</subfield><subfield code="b">Observer Pub. Co.</subfield></datafield><datafield ind1=" " ind2=" " tag="300"><subfield code="a">v.</subfield></datafield><datafield ind1=" " ind2=" " tag="310"><subfield code="a">Weekly</subfield></datafield><datafield ind1="0" ind2=" " tag="362"><subfield code="a">-v. 15, no. 49 (Jan. 24, 1929).</subfield></datafield><datafield ind1=" " ind2=" " tag="588"><subfield code="a">Description based on: Vol. 1, no. 45 (Nov. 12, 1914).</subfield></datafield><datafield ind1=" " ind2=" " tag="752"><subfield code="a">United States</subfield><subfield code="b">Alabama</subfield><subfield code="c">Geneva</subfield><subfield code="d">Slocomb.</subfield></datafield><datafield ind1="0" ind2="7" tag="785"><subfield code="t">Slocomb news</subfield></datafield><datafield ind1="0" ind2="7" tag="785"><subfield code="t">Slocomb news and the Slocomb observer</subfield><subfield code="w">(DLC)sn 86050422</subfield></datafield><datafield ind1="1" ind2=" " tag="029"><subfield code="a">AU@</subfield><subfield code="b">000025784568</subfield></datafield></record>